00586cas a22002291a 4500
001 9917738233502836
003 Nz
005 20161223172957.0
008 040114d18641870nz  r ne      0   0 eng d
035    $a (Nz)8185218
035    $a (OCoLC)420953574
035    $a (NLNZils)1773823-ilsdb
040    $a WN $c WN
042    $a nznb
043    $a u-nz---
245 00 $a Waikouaiti herald.
260    $a Hawksbury [N.Z.]
310    $a Weekly
362 0  $a 1864 Oct.28-1870?
651  0 $a Otago (N.Z.) $v Newspapers.
655  7 $a New Zealand newspapers. $2 local $5 Nz
785 00 $t Waikouaiti & Shag Valley herald
